<record><leader>00000cas a22000007a 4500</leader><controlfield tag="001">25486441</controlfield><controlfield tag="008">920317d1913191uncuwr n       0    0eng d</controlfield><datafield ind1=" " ind2=" " tag="010"><subfield code="a">sn 92073965 </subfield></datafield><datafield ind1=" " ind2=" " tag="040"><subfield code="a">NVJ</subfield><subfield code="b">eng</subfield><subfield code="c">NVJ</subfield><subfield code="d">OCLCQ</subfield></datafield><datafield ind1=" " ind2=" " tag="042"><subfield code="a">msc</subfield></datafield><datafield ind1="0" ind2="4" tag="245"><subfield code="a">The Free press (and Forest City herald).</subfield></datafield><datafield ind1="3" ind2="0" tag="246"><subfield code="a">Forest City herald</subfield></datafield><datafield ind1=" " ind2=" " tag="260"><subfield code="a">Forest City, N.C. :</subfield><subfield code="b">B.H. DePriest, J. Kelly DePriest</subfield></datafield><datafield ind1=" " ind2=" " tag="300"><subfield code="a">v.</subfield></datafield><datafield ind1=" " ind2=" " tag="310"><subfield code="a">Weekly</subfield></datafield><datafield ind1="1" ind2=" " tag="362"><subfield code="a">Began in Oct. 1913.</subfield></datafield><datafield ind1=" " ind2=" " tag="515"><subfield code="a">Issues carry double numbering: Old ser., v. 5, no. 7-</subfield></datafield><datafield ind1=" " ind2=" " tag="588"><subfield code="a">Description based on: New ser., v. 1, no. 3 (Oct. 22, 1913).</subfield></datafield><datafield ind1=" " ind2=" " tag="752"><subfield code="a">United States</subfield><subfield code="b">North Carolina</subfield><subfield code="c">Rutherford</subfield><subfield code="d">Forest City.</subfield></datafield><datafield ind1="0" ind2="4" tag="780"><subfield code="t">Free press (Forest City, N.C.)</subfield></datafield><datafield ind1="0" ind2="4" tag="780"><subfield code="t">Forest City herald</subfield></datafield><datafield ind1="0" ind2="5" tag="780"><subfield code="t">Three mills gazette</subfield></datafield><datafield ind1="0" ind2="0" tag="785"><subfield code="t">Free press (Forest City, N.C. : 1915)</subfield><subfield code="w">(DLC)sn 91068173</subfield></datafield></record>